@article{index2013global,
  title={Global mobile data traffic forecast update, 2012-2017},
  author={Index, Cisco Visual Networking},
  journal={Cisco white paper},
  year={2013}
}
@article{cerwall2011ericsson,
  title={Ericsson Traffic and Market Data Report [R]},
  author={Cerwall, Patrik and Bergqvist, Svante},
  journal={Ericsson, Stockholm, Sweden, Nov},
  year={2011}
}
@article{pujol2011mobile,
  title={?Mobile traffic forecasts 2010-2020 \& offloading solutions},
  author={Pujol, Fr{\'e}d{\'e}ric},
  journal={IDATE Consulting and Research, May},
  volume={15},
  year={2011}
}
@inproceedings{khan2011mmwave,
  title={mmWave mobile broadband (MMB): Unleashing the 3--300GHz spectrum},
  author={Khan, Farooq and Pi, Zhouyue},
  booktitle={Sarnoff Symposium, 2011 34th IEEE},
  pages={1--6},
  year={2011},
  organization={IEEE}
}
@article{pi2011introduction,
  title={An introduction to millimeter-wave mobile broadband systems},
  author={Pi, Zhouyue and Khan, Farooq},
  journal={IEEE Communications Magazine},
  volume={49},
  number={6},
  year={2011},
  publisher={IEEE}
}
@article{rappaport2011state,
  title={State of the art in 60-GHz integrated circuits and systems for wireless communications},
  author={Rappaport, Theodore S and Murdock, James N and Gutierrez, Felix},
  journal={Proceedings of the IEEE},
  volume={99},
  number={8},
  pages={1390--1436},
  year={2011},
  publisher={IEEE}
}
@article{pietraski2012millimeter,
  title={Millimeter wave and terahertz communications: Feasibility and challenges},
  author={Pietraski, Phil and Britz, David and Roy, Arnab and Pragada, Ravi and Charlton, Gregg},
  journal={ZTE Communications},
  volume={10},
  number={4},
  pages={3--12},
  year={2012},
  publisher={Zhongxing Telecommunications Equipment Communications, 450 Rongshida Ave Hefei China}
}
@article{rangan2014millimeter,
  title={Millimeter-wave cellular wireless networks: Potentials and challenges},
  author={Rangan, Sundeep and Rappaport, Theodore S and Erkip, Elza},
  journal={Proceedings of the IEEE},
  volume={102},
  number={3},
  pages={366--385},
  year={2014},
  publisher={IEEE}
}
@article{doan2004design,
  title={Design considerations for 60 GHz CMOS radios},
  author={Doan, Chinh H and Emami, Sohrab and Sobel, David A and Niknejad, Ali M and Brodersen, Robert W},
  journal={IEEE Communications Magazine},
  volume={42},
  number={12},
  pages={132--140},
  year={2004},
  publisher={IEEE}
}
@article{zhang2009antenna,
  title={Antenna-on-chip and antenna-in-package solutions to highly integrated millimeter-wave devices for wireless communications},
  author={Zhang, Yue Ping and Liu, Duixian},
  journal={IEEE Transactions on Antennas and Propagation},
  volume={57},
  number={10},
  pages={2830--2841},
  year={2009},
  publisher={IEEE}
}
@article{gutierrez2009chip,
  title={On-chip integrated antenna structures in CMOS for 60 GHz WPAN systems},
  author={Gutierrez, Felix and Agarwal, Shatam and Parrish, Kristen and Rappaport, Theodore S},
  journal={IEEE Journal on Selected Areas in Communications},
  volume={27},
  number={8},
  year={2009},
  publisher={IEEE}
}
@inproceedings{rajagopal2011antenna,
  title={Antenna array design for multi-gbps mmwave mobile broadband communication},
  author={Rajagopal, Sridhar and Abu-Surra, Shadi and Pi, Zhouyue and Khan, Farooq},
  booktitle={Global Telecommunications Conference (GLOBECOM 2011), 2011 IEEE},
  pages={1--6},
  year={2011},
  organization={IEEE}
}


@book{panwar2004tcp,
  title={TCP/IP Essentials: A Lab-Based Approach},
  author={Panwar, Shivendra S},
  year={2004},
  publisher={Cambridge University Press}
}
@article{kitchener2006correlated,
  title={Correlated lognormal shadowing model},
  author={Kitchener, Dean and Naden, M and Tong, W and Zhu, P and Senarnath, G and Zhang, H and Steer, D and Yu, D},
  journal={San Diego, CA, IEEE},
  volume={802},
  year={2006}
}
@article{gudmundson1991correlation,
  title={Correlation model for shadow fading in mobile radio systems},
  author={Gudmundson, Mikael},
  journal={Electronics Letters},
  volume={27},
  number={23},
  pages={2145--2146},
  year={1991},
  publisher={IET}
}
@inproceedings{zhang2008novel,
  title={A novel spatial autocorrelation model of shadow fading in urban macro environments},
  author={Zhang, Yu and Zhang, Jianhua and Dong, Di and Nie, Xin and Liu, Guangyi and Zhang, Ping},
  booktitle={Global Telecommunications Conference, 2008. IEEE GLOBECOM 2008. IEEE},
  pages={1--5},
  year={2008},
  organization={IEEE}
}
@book{rappaport1996wireless,
  title={Wireless Communications: Principles and Practice},
  author={Rappaport, Theodore S},
  year={1996},
  publisher={Prentice Hall PTR New Jersey}
}
@article{szyszkowicz2010feasibility,
  title={On the feasibility of wireless shadowing correlation models},
  author={Szyszkowicz, Sebastian S and Yanikomeroglu, Halim and Thompson, John S},
  journal={Vehicular Technology, IEEE Transactions on},
  volume={59},
  number={9},
  pages={4222--4236},
  year={2010},
  publisher={IEEE}
}
@inproceedings{sorensen1998correlation,
  title={Correlation model for slow fading in a small urban macro cell},
  author={Sorensen, Troels B},
  booktitle={Personal, Indoor and Mobile Radio Communications, 1998. The Ninth IEEE International Symposium on},
  volume={3},
  pages={1161--1165},
  year={1998},
  organization={IEEE}
}
@article{weitzen2002measurement,
  title={Measurement of angular and distance correlation properties of log-normal shadowing at 1900 {MHz} and its application to design of {PCS} systems},
  author={Weitzen, JA and Lowe, Terri J},
  journal={Vehicular Technology, IEEE Transactions on},
  volume={51},
  number={2},
  pages={265--273},
  year={2002},
  publisher={IEEE}
}
@book{goldsmith2005wireless,
  title={Wireless Communications},
  author={Goldsmith, Andrea},
  year={2005},
  publisher={Cambridge University Press}
}
@article{graziano1978propagation,
  title={Propagation correlations at 900 {MHz}},
  author={Graziano, Victor},
  journal={Vehicular Technology, IEEE Transactions on},
  volume={27},
  number={4},
  pages={182--189},
  year={1978},
  publisher={IEEE}
}
@article{marsan1990shadowing,
  title={Shadowing variability in an urban land mobile environment at 900 MHz},
  author={Marsan, MJ and Hess, GC and Gilbert, SS},
  journal={Electronics Letters},
  volume={26},
  number={10},
  pages={646--648},
  year={1990},
  publisher={IET}
}
@inproceedings{liberti1992statistics,
  title={Statistics of shadowing in indoor radio channels at 900 and 1900 MHz},
  author={Liberti, Joseph C and Rappaport, Theodore S},
  booktitle={Military Communications Conference, 1992. MILCOM'92, Conference Record. Communications-Fusing Command, Control and Intelligence., IEEE},
  pages={1066--1070},
  year={1992},
  organization={IEEE}
}
@book{bertoni1999radio,
  title={Radio Propagation for Modern Wireless Systems},
  author={Bertoni, Henry L},
  year={1999},
  publisher={Pearson Education}
}
@book{wei1994time,
  title={Time Series Analysis},
  author={Wei, William Wu-Shyong},
  year={1994},
  publisher={Addison-Wesley Publ}
}
@book{papoulis2002probability,
  title={Probability, Random Variables, and Stochastic Processes},
  author={Papoulis, Athanasios and Pillai, S Unnikrishna},
  year={2002},
  publisher={McGraw-Hill Higher Education}
}

@article{ramakrishnan2001rfc,
  title={RFC 3168},
  author={Ramakrishnan, K and Floyd, S and Black, D},
  journal={The addition of Explicit Congestion Notification (ECN) to IP. The Internet Society},
  year={2001}
}

@inproceedings{winstein2013tcp,
  title={Tcp ex machina: Computer-generated congestion control},
  author={Winstein, Keith and Balakrishnan, Hari},
  booktitle={ACM SIGCOMM Computer Communication Review},
  volume={43},
  number={4},
  pages={123--134},
  year={2013},
  organization={ACM}
}

@article{alizadeh2011data,
  title={Data center tcp (dctcp)},
  author={Alizadeh, Mohammad and Greenberg, Albert and Maltz, David A and Padhye, Jitendra and Patel, Parveen and Prabhakar, Balaji and Sengupta, Sudipta and Sridharan, Murari},
  journal={ACM SIGCOMM computer communication review},
  volume={41},
  number={4},
  pages={63--74},
  year={2011},
  publisher={ACM}
}
@article{niu2015survey,
  title={A survey of millimeter wave communications (mmWave) for 5G: opportunities and challenges},
  author={Niu, Yong and Li, Yong and Jin, Depeng and Su, Li and Vasilakos, Athanasios V},
  journal={Wireless Networks},
  pages={1--20},
  year={2015},
  publisher={Springer}
}
@inproceedings{fabbri2009impact,
  title={The impact of correlated channel fluctuations on the connectivity of wireless ad-hoc networks},
  author={Fabbri, Flavio and Verdone, Roberto},
  booktitle={Vehicular Technology Conference, 2009. VTC Spring 2009. IEEE 69th},
  pages={1--5},
  year={2009},
  organization={IEEE}
}
@inproceedings{patwari2008effects,
  title={Effects of correlated shadowing: Connectivity, localization, and RF tomography},
  author={Patwari, Neal and Agrawal, Piyush},
  booktitle={Information Processing in Sensor Networks, 2008. IPSN'08. International Conference on},
  pages={82--93},
  year={2008},
  organization={IEEE}
}
@article{chang2009performance,
  title={Performance analysis of cooperative communication system with hierarchical modulation over Rayleigh fading channel},
  author={Chang, Min-Kuan and Lee, Shi-Yong},
  journal={Wireless Communications, IEEE Transactions on},
  volume={8},
  number={6},
  pages={2848--2852},
  year={2009},
  publisher={IEEE}
}
@article{lee2009performance,
  title={Performance of Decode-and-Forward Cooperative Communications Over Nakagami-Fading Channels},
  author={Lee, Yinman and Tsai, Ming-Hung},
  journal={Vehicular Technology, IEEE Transactions on},
  volume={58},
  number={3},
  pages={1218--1228},
  year={2009},
  publisher={IEEE}
}
@article{madan2008energy,
  title={Energy-efficient cooperative relaying over fading channels with simple relay selection},
  author={Madan, Ritesh and Mehta, Neelesh B and Molisch, Andreas F and Zhang, Jin},
  journal={Wireless Communications, IEEE Transactions on},
  volume={7},
  number={8},
  pages={3013--3025},
  year={2008},
  publisher={IEEE}
}
@inproceedings{emamian2002multi,
  title={Multi-user spatial diversity in a shadow-fading environment},
  author={Emamian, Vahid and Anghel, Paul and Kaveh, Mostafa},
  booktitle={Vehicular Technology Conference, 2002. Proceedings. VTC 2002-Fall. 2002 IEEE 56th},
  volume={1},
  pages={573--576},
  year={2002},
  organization={IEEE}
}
@inproceedings{kasiri2008new,
  title={A new realistic relay selection method based on correlated shadowing for multihop cellular networks},
  author={Kasiri, Behzad and Naderi, Majid and Abolhassani, Bahman},
  booktitle={Computer and Electrical Engineering, 2008. ICCEE 2008. International Conference on},
  pages={669--673},
  year={2008},
  organization={IEEE}
}
@inproceedings{park2011opportunistic,
  title={Opportunistic relaying in multipath and slow fading channel: Relay selection and optimal relay selection period},
  author={Park, Sungjoon and Stark, WE},
  booktitle={Military Communications Conference, 2011-MILCOM 2011},
  pages={661--666},
  year={2011},
  organization={IEEE}
}
@inproceedings{bletsas2006outage,
  title={Outage-optimal cooperative communications with regenerative relays},
  author={Bletsas, Aggelos and Shin, Hyundong and Win, Moe Z and others},
  booktitle={Information Sciences and Systems, 2006 40th Annual Conference on},
  pages={632--637},
  year={2006},
  organization={IEEE}
}
@inproceedings{zlatanov2011average,
  title={Average outage and non-outage duration of selective decode-and-forward relaying},
  author={Zlatanov, Nikola and Schober, Robert and Hadzi-Velkov, Zoran and Karagiannidis, George},
  booktitle={Information Theory (CWIT), 2011 12th Canadian Workshop on},
  pages={94--97},
  year={2011},
  organization={IEEE}
}
@inproceedings{kaltakis2009uplink,
  title={Uplink capacity with correlated lognormal shadow fading},
  author={Kaltakis, Dimitrios and Imran, Muhammad Ali and Hoshyar, Reza},
  booktitle={Vehicular Technology Conference, 2009. VTC Spring 2009. IEEE 69th},
  pages={1--5},
  year={2009},
  organization={IEEE}
}
@phdthesis{szyszkowicz2011interference,
  title={Interference from large wireless networks under correlated shadowing},
  author={Szyszkowicz, Sebastian S},
  year={2011},
  school={Carleton University}
}
@article{nosratinia2004cooperative,
  title={Cooperative communication in wireless networks},
  author={Nosratinia, Aria and Hunter, Todd E and Hedayat, Ahmadreza},
  journal={Communications Magazine, IEEE},
  volume={42},
  number={10},
  pages={74--80},
  year={2004},
  publisher={IEEE}
}
@book{saunders2007antennas,
  title={Antennas and propagation for wireless communication systems},
  author={Saunders, Simon and Arag{\'o}n-Zavala, Alejandro},
  year={2007},
  publisher={John Wiley \& Sons}
}
@article{rappaport2013millimeter,
  title={Millimeter wave mobile communications for 5G cellular: It will work!},
  author={Rappaport, Theodore S and Sun, Shu and Mayzus, Rimma and Zhao, Hang and Azar, Yaniv and Wang, Kangping and Wong, George N and Schulz, Jocelyn K and Samimi, Mathew and Gutierrez, Felix},
  journal={Access, IEEE},
  volume={1},
  pages={335--349},
  year={2013},
  publisher={IEEE}
}

@inproceedings{sun2014millimeter,
  title={Millimeter wave multi-beam antenna combining for 5G cellular link improvement in New York City},
  author={Sun, Shu and MacCartney, George R and Samimi, Mathew K and Nie, Shuai and Rappaport, Theodore S},
  booktitle={Communications (ICC), 2014 IEEE International Conference on},
  pages={5468--5473},
  year={2014},
  organization={IEEE}
}

@article{roh2014millimeter,
  title={Millimeter-wave beamforming as an enabling technology for 5G cellular communications: theoretical feasibility and prototype results},
  author={Roh, Wonil and Seol, Ji-Yun and Park, Jeongho and Lee, Byunghwan and Lee, Jaekon and Kim, Yungsoo and Cho, Jaeweon and Cheun, Kyungwhoon and Aryanfar, Farshid},
  journal={Communications Magazine, IEEE},
  volume={52},
  number={2},
  pages={106--113},
  year={2014},
  publisher={IEEE}
}
@article{akdeniz2014millimeter,
  title={Millimeter wave channel modeling and cellular capacity evaluation},
  author={Akdeniz, Mustafa Riza and Liu, Yuanpeng and Samimi, Mathew K and Sun, Shu and Rangan, Sundeep and Rappaport, Theodore S and Erkip, Elza},
  journal={Selected Areas in Communications, IEEE Journal on},
  volume={32},
  number={6},
  pages={1164--1179},
  year={2014},
  publisher={IEEE}
}
@article{bai2015coverage,
  title={Coverage and rate analysis for millimeter-wave cellular networks},
  author={Bai, Tianyang and Heath, Robert W},
  journal={Wireless Communications, IEEE Transactions on},
  volume={14},
  number={2},
  pages={1100--1114},
  year={2015},
  publisher={IEEE}
}
@article{lu2012modeling,
  title={Modeling the impact of human blockers in millimeter wave radio links},
  author={Lu, Jonathan and Steinbach, Daniel and Cabrol, Patrick and Pietraski, P},
  journal={ZTE Commun. Mag},
  volume={10},
  number={4},
  pages={23--28},
  year={2012}
}
@inproceedings{zhao201328,
  title={28 GHz millimeter wave cellular communication measurements for reflection and penetration loss in and around buildings in New York City},
  author={Zhao, Hang and Mayzus, Rimma and Sun, Shu and Samimi, Mathew and Schulz, Jocelyn K and Azar, Yaniv and Wang, Kangping and Wong, George N and Gutierrez, Felix and Rappaport, Theodore S},
  booktitle={Communications (ICC), 2013 IEEE International Conference on},
  pages={5163--5167},
  year={2013},
  organization={IEEE}
}
@article{alejos2008measurement,
  title={Measurement and analysis of propagation mechanisms at 40 GHz: Viability of site shielding forced by obstacles},
  author={Alejos, Ana V{\'a}zquez and S{\'a}nchez, Manuel Garc{\'\i}a and Cui{\~n}as, I{\~n}igo},
  journal={Vehicular Technology, IEEE Transactions on},
  volume={57},
  number={6},
  pages={3369--3380},
  year={2008},
  publisher={IEEE}
}
@article{ha2008cubic,
  title={CUBIC: a new TCP-friendly high-speed TCP variant},
  author={Ha, Sangtae and Rhee, Injong and Xu, Lisong},
  journal={ACM SIGOPS Operating Systems Review},
  volume={42},
  number={5},
  pages={64--74},
  year={2008},
  publisher={ACM}
}
@inproceedings{xu2004binary,
  title={Binary increase congestion control (BIC) for fast long-distance networks},
  author={Xu, Lisong and Harfoush, Khaled and Rhee, Injong},
  booktitle={INFOCOM 2004. Twenty-third AnnualJoint Conference of the IEEE Computer and Communications Societies},
  volume={4},
  pages={2514--2524},
  year={2004},
  organization={IEEE}
}
@inproceedings{tan2006compound,
  title={A compound TCP approach for high-speed and long distance networks},
  author={Tan, Kun and Song, Jingmin and Zhang, Qian and Sridharan, Murad},
  booktitle={Proceedings-IEEE INFOCOM},
  year={2006}
}
@misc{TraceFormat,
  title = {Trace Analysis Example},
  howpublished = {\url{http://nile.wpi.edu/NS/analysis.html}},
  note = {Accessed: 2016-4-5}
}
@inproceedings{lu2015shining,
  title={Shining a Light into the Darkness: How Cooperative Relay Communication Mitigates Correlated Shadow Fading},
  author={Lu, Tingting and Liu, Pei and Panwar, Shivendra},
  booktitle={Vehicular Technology Conference (VTC Spring), 2015 IEEE 81st},
  pages={1--7},
  year={2015},
  organization={IEEE}
}
@article{andrews2011tractable,
  title={A tractable approach to coverage and rate in cellular networks},
  author={Andrews, Jeffrey G and Baccelli, Fran{\c{c}}ois and Ganti, Radha Krishna},
  journal={Communications, IEEE Transactions on},
  volume={59},
  number={11},
  pages={3122--3134},
  year={2011},
  publisher={IEEE}
}
@article{abu1991outage,
  title={Outage probabilities of cellular mobile radio systems with multiple Nakagami interferers},
  author={Abu-Dayya, Adnan A and Beaulieu, Norman C},
  journal={Vehicular Technology, IEEE Transactions on},
  volume={40},
  number={4},
  pages={757--768},
  year={1991},
  publisher={IEEE}
}
@article{petrovic2013outage,
  title={Outage analysis of selection diversity over Rayleigh fading channels with multiple co-channel interferers},
  author={Petrovic, Ivana and Stefanovic, Mihajlo and Spalevic, Petar and Panic, Stefan R and Stefanovic, Dusan},
  journal={Telecommunication Systems},
  volume={52},
  number={1},
  pages={39--50},
  year={2013},
  publisher={Springer}
}
@article{emamian2014outage,
  title={Outage Analysis of a Multi-User Spatial Diversity System in a Shadow-Fade Propagating Channel},
  author={Emamian, Vahid},
  journal={British Journal of Applied Science \& Technology},
  volume={4},
  number={1},
  pages={40},
  year={2014},
  publisher={SCIENCEDOMAIN International}
}
@inproceedings{vural2015effect,
  title={The Effect of Shadow Fading Distributions on Outage Probability and Coverage Area},
  author={Vural, Metin and Kurt, Gunes Karabulut and Schneider, Christian},
  booktitle={Vehicular Technology Conference (VTC Spring), 2015 IEEE 81st},
  pages={1--6},
  year={2015},
  organization={IEEE}
}
@inproceedings{lu2015long,
  title={How long before I regain my signal?},
  author={Lu, Tingting and Liu, Pei and Panwar, Shivendra S},
  booktitle={Information Sciences and Systems (CISS), 2015 49th Annual Conference on},
  pages={1--5},
  year={2015},
  organization={IEEE}
}
@inproceedings{chen2012small,
  title={On small cell network deployment: A comparative study of random and grid topologies},
  author={Chen, Chung Shue and Nguyen, Van Minh and Thomas, Laurent},
  booktitle={Vehicular Technology Conference (VTC Fall), 2012 IEEE},
  pages={1--5},
  year={2012},
  organization={IEEE}
}
@article{kumar2015approximate,
  title={Approximate Outage Probability and Capacity for-Shadowed Fading},
  author={Kumar, Suman},
  journal={Wireless Communications Letters, IEEE},
  volume={4},
  number={3},
  pages={301--304},
  year={2015},
  publisher={IEEE}
}
